<record><leader>00000cas a22000007a 4500</leader><controlfield tag="001">9640939</controlfield><controlfield tag="008">830624d19021903iauwr ne      0   a0eng d</controlfield><controlfield tag="009">3770</controlfield><datafield ind1=" " ind2=" " tag="010"><subfield code="a">sn 83025589 </subfield></datafield><datafield ind1=" " ind2=" " tag="040"><subfield code="a">NPV</subfield><subfield code="b">eng</subfield><subfield code="c">NPV</subfield><subfield code="d">INP</subfield><subfield code="d">DLC</subfield></datafield><datafield ind1="1" ind2=" " tag="029"><subfield code="a">AU@</subfield><subfield code="b">000025815659</subfield></datafield><datafield ind1=" " ind2=" " tag="042"><subfield code="a">msc</subfield></datafield><datafield ind1=" " ind2=" " tag="043"><subfield code="a">n-us-ia</subfield></datafield><datafield ind1=" " ind2=" " tag="045"><subfield code="a">x0x0</subfield></datafield><datafield ind1="0" ind2="0" tag="050"><subfield code="a">Newspaper 7768-X</subfield></datafield><datafield ind1=" " ind2=" " tag="052"><subfield code="a">4153</subfield><subfield code="b">M35</subfield></datafield><datafield ind1="0" ind2="0" tag="245"><subfield code="a">St. Anthony tribune.</subfield></datafield><datafield ind1="0" ind2="0" tag="246"><subfield code="a">Saint Anthony tribune</subfield></datafield><datafield ind1=" " ind2=" " tag="260"><subfield code="a">St. Anthony, Iowa :</subfield><subfield code="b">Roy H. Cook,</subfield><subfield code="c">1902-</subfield></datafield><datafield ind1=" " ind2=" " tag="300"><subfield code="a">v. :</subfield><subfield code="b">ill. ;</subfield><subfield code="c">56 cm.</subfield></datafield><datafield ind1=" " ind2=" " tag="310"><subfield code="a">Weekly</subfield></datafield><datafield ind1="0" ind2=" " tag="362"><subfield code="a">Vol. 1, no. 1 (Mar. 21, 1902)-</subfield></datafield><datafield ind1="1" ind2=" " tag="362"><subfield code="a">Ceased in 1903?</subfield></datafield><datafield ind1=" " ind2=" " tag="500"><subfield code="a">Editor: Roy H. Cook.</subfield></datafield><datafield ind1="1" ind2=" " tag="700"><subfield code="a">Cook, Roy H.</subfield></datafield><datafield ind1=" " ind2=" " tag="752"><subfield code="a">United States</subfield><subfield code="b">Iowa</subfield><subfield code="c">Marshall</subfield><subfield code="d">St. Anthony.</subfield></datafield></record>